<?xml version="1.0" encoding="UTF-8"?>
  <record xmlns="http://www.loc.gov/MARC21/slim" type="Authority">
    <leader>00000nz  a2200000nc 4500</leader>
    <controlfield tag="001">124394450</controlfield>
    <controlfield tag="003">DE-101</controlfield>
    <controlfield tag="005">20200818111204.0</controlfield>
    <controlfield tag="008">030204n||azznnaabn           | aaa    |c</controlfield>
    <datafield tag="024" ind1="7" ind2=" ">
      <subfield code="a">124394450</subfield>
      <subfield code="0">http://d-nb.info/gnd/124394450</subfield>
      <subfield code="2">gnd</subfield>
    </datafield>
    <datafield tag="035" ind1=" " ind2=" ">
      <subfield code="a">(DE-101)124394450</subfield>
    </datafield>
    <datafield tag="035" ind1=" " ind2=" ">
      <subfield code="a">(DE-588)124394450</subfield>
    </datafield>
    <datafield tag="035" ind1=" " ind2=" ">
      <subfield code="z">(DE-588a)124394450</subfield>
      <subfield code="9">v:zg</subfield>
    </datafield>
    <datafield tag="040" ind1=" " ind2=" ">
      <subfield code="a">DE-12</subfield>
      <subfield code="c">DE-12</subfield>
      <subfield code="9">r:DE-12</subfield>
      <subfield code="b">ger</subfield>
      <subfield code="d">1601</subfield>
    </datafield>
    <datafield tag="042" ind1=" " ind2=" ">
      <subfield code="a">gnd1</subfield>
    </datafield>
    <datafield tag="043" ind1=" " ind2=" ">
      <subfield code="c">XA-IT</subfield>
    </datafield>
    <datafield tag="065" ind1=" " ind2=" ">
      <subfield code="a">11.2p</subfield>
      <subfield code="2">sswd</subfield>
    </datafield>
    <datafield tag="065" ind1=" " ind2=" ">
      <subfield code="a">12.1p</subfield>
      <subfield code="2">sswd</subfield>
    </datafield>
    <datafield tag="075" ind1=" " ind2=" ">
      <subfield code="b">p</subfield>
      <subfield code="2">gndgen</subfield>
    </datafield>
    <datafield tag="075" ind1=" " ind2=" ">
      <subfield code="b">piz</subfield>
      <subfield code="2">gndspec</subfield>
    </datafield>
    <datafield tag="079" ind1=" " ind2=" ">
      <subfield code="a">g</subfield>
      <subfield code="q">a</subfield>
      <subfield code="q">f</subfield>
      <subfield code="q">s</subfield>
      <subfield code="u">v</subfield>
      <subfield code="u">o</subfield>
    </datafield>
    <datafield tag="100" ind1="1" ind2=" ">
      <subfield code="a">Forteguerri, Scipione</subfield>
      <subfield code="d">1466-1515</subfield>
    </datafield>
    <datafield tag="400" ind1="1" ind2=" ">
      <subfield code="a">Karteromachos, Skipiōn</subfield>
      <subfield code="d">1466-1515</subfield>
    </datafield>
    <datafield tag="400" ind1="1" ind2=" ">
      <subfield code="a">Carteromaco, Scipione</subfield>
      <subfield code="d">1466-1515</subfield>
    </datafield>
    <datafield tag="400" ind1="1" ind2=" ">
      <subfield code="a">Fortiguerra, Scipio</subfield>
      <subfield code="d">1466-1515</subfield>
    </datafield>
    <datafield tag="400" ind1="1" ind2=" ">
      <subfield code="a">Fortiguerri, Scipio</subfield>
      <subfield code="d">1466-1515</subfield>
    </datafield>
    <datafield tag="400" ind1="1" ind2=" ">
      <subfield code="a">Carteromachus, Scipio</subfield>
      <subfield code="d">1466-1515</subfield>
    </datafield>
    <datafield tag="400" ind1="1" ind2=" ">
      <subfield code="a">Carteromacho, Scipione</subfield>
      <subfield code="d">1466-1515</subfield>
    </datafield>
    <datafield tag="400" ind1="1" ind2=" ">
      <subfield code="a">Forteguerra, Scipio</subfield>
      <subfield code="d">1466-1515</subfield>
    </datafield>
    <datafield tag="400" ind1="1" ind2=" ">
      <subfield code="a">Fortiguerra, Scipione</subfield>
      <subfield code="d">1466-1515</subfield>
    </datafield>
    <datafield tag="400" ind1="1" ind2=" ">
      <subfield code="a">Carteromachus, Scipione</subfield>
      <subfield code="d">1466-1515</subfield>
    </datafield>
    <datafield tag="500" ind1="1" ind2=" ">
      <subfield code="a">Billy, Jacques &#152;de&#156;</subfield>
      <subfield code="4">beza</subfield>
      <subfield code="4">https://d-nb.info/standards/elementset/gnd#acquaintanceshipOrFriendship</subfield>
      <subfield code="w">r</subfield>
      <subfield code="i">Bekanntschaft</subfield>
      <subfield code="e">Bekanntschaft</subfield>
      <subfield code="9">v:VD-16 Mitverf.</subfield>
    </datafield>
    <datafield tag="500" ind1="1" ind2=" ">
      <subfield code="0">(DE-101)124788815</subfield>
      <subfield code="0">(DE-588)124788815</subfield>
      <subfield code="0">https://d-nb.info/gnd/124788815</subfield>
      <subfield code="a">Bolzanio, Urbano</subfield>
      <subfield code="d">1443-1524</subfield>
      <subfield code="4">beza</subfield>
      <subfield code="4">https://d-nb.info/standards/elementset/gnd#acquaintanceshipOrFriendship</subfield>
      <subfield code="w">r</subfield>
      <subfield code="i">Bekanntschaft</subfield>
      <subfield code="e">Bekanntschaft</subfield>
      <subfield code="9">v:VD-16 Mitverf.</subfield>
    </datafield>
    <datafield tag="500" ind1="0" ind2=" ">
      <subfield code="a">Caesarius</subfield>
      <subfield code="c">aus Nazianz</subfield>
      <subfield code="4">beza</subfield>
      <subfield code="4">https://d-nb.info/standards/elementset/gnd#acquaintanceshipOrFriendship</subfield>
      <subfield code="w">r</subfield>
      <subfield code="i">Bekanntschaft</subfield>
      <subfield code="e">Bekanntschaft</subfield>
      <subfield code="9">v:VD-16 Mitverf.</subfield>
    </datafield>
    <datafield tag="500" ind1="0" ind2=" ">
      <subfield code="0">(DE-101)119662264</subfield>
      <subfield code="0">(DE-588)119662264</subfield>
      <subfield code="0">https://d-nb.info/gnd/119662264</subfield>
      <subfield code="a">Elias</subfield>
      <subfield code="c">von Kreta</subfield>
      <subfield code="4">beza</subfield>
      <subfield code="4">https://d-nb.info/standards/elementset/gnd#acquaintanceshipOrFriendship</subfield>
      <subfield code="w">r</subfield>
      <subfield code="i">Bekanntschaft</subfield>
      <subfield code="e">Bekanntschaft</subfield>
      <subfield code="9">v:VD-16 Mitverf.</subfield>
    </datafield>
    <datafield tag="500" ind1="1" ind2=" ">
      <subfield code="0">(DE-101)119669714</subfield>
      <subfield code="0">(DE-588)119669714</subfield>
      <subfield code="0">https://d-nb.info/gnd/119669714</subfield>
      <subfield code="a">Varinus, Camers</subfield>
      <subfield code="d">1450-1537</subfield>
      <subfield code="4">beza</subfield>
      <subfield code="4">https://d-nb.info/standards/elementset/gnd#acquaintanceshipOrFriendship</subfield>
      <subfield code="w">r</subfield>
      <subfield code="i">Bekanntschaft</subfield>
      <subfield code="e">Bekanntschaft</subfield>
      <subfield code="9">v:VD-16 Mitverf.</subfield>
    </datafield>
    <datafield tag="500" ind1="0" ind2=" ">
      <subfield code="0">(DE-101)100967736</subfield>
      <subfield code="0">(DE-588)100967736</subfield>
      <subfield code="0">https://d-nb.info/gnd/100967736</subfield>
      <subfield code="a">Gregorius</subfield>
      <subfield code="c">Caesariensis</subfield>
      <subfield code="d">ca. 6./7. Jh.</subfield>
      <subfield code="4">beza</subfield>
      <subfield code="4">https://d-nb.info/standards/elementset/gnd#acquaintanceshipOrFriendship</subfield>
      <subfield code="w">r</subfield>
      <subfield code="i">Bekanntschaft</subfield>
      <subfield code="e">Bekanntschaft</subfield>
      <subfield code="9">v:VD-16 Mitverf.</subfield>
    </datafield>
    <datafield tag="500" ind1="0" ind2=" ">
      <subfield code="a">Gregorius</subfield>
      <subfield code="c">von Nazianz</subfield>
      <subfield code="4">beza</subfield>
      <subfield code="4">https://d-nb.info/standards/elementset/gnd#acquaintanceshipOrFriendship</subfield>
      <subfield code="w">r</subfield>
      <subfield code="i">Bekanntschaft</subfield>
      <subfield code="e">Bekanntschaft</subfield>
      <subfield code="9">v:VD-16 Mitverf.</subfield>
    </datafield>
    <datafield tag="500" ind1="1" ind2=" ">
      <subfield code="0">(DE-101)119701847</subfield>
      <subfield code="0">(DE-588)119701847</subfield>
      <subfield code="0">https://d-nb.info/gnd/119701847</subfield>
      <subfield code="a">Hedeneccius, Erhard</subfield>
      <subfield code="4">beza</subfield>
      <subfield code="4">https://d-nb.info/standards/elementset/gnd#acquaintanceshipOrFriendship</subfield>
      <subfield code="w">r</subfield>
      <subfield code="i">Bekanntschaft</subfield>
      <subfield code="e">Bekanntschaft</subfield>
      <subfield code="9">v:VD-16 Mitverf.</subfield>
    </datafield>
    <datafield tag="500" ind1="1" ind2=" ">
      <subfield code="0">(DE-101)100188826</subfield>
      <subfield code="0">(DE-588)100188826</subfield>
      <subfield code="0">https://d-nb.info/gnd/100188826</subfield>
      <subfield code="a">Leunclavius, Johannes</subfield>
      <subfield code="d">1533-1593</subfield>
      <subfield code="4">beza</subfield>
      <subfield code="4">https://d-nb.info/standards/elementset/gnd#acquaintanceshipOrFriendship</subfield>
      <subfield code="w">r</subfield>
      <subfield code="i">Bekanntschaft</subfield>
      <subfield code="e">Bekanntschaft</subfield>
      <subfield code="9">v:VD-16 Mitverf.</subfield>
    </datafield>
    <datafield tag="500" ind1="0" ind2=" ">
      <subfield code="0">(DE-101)118588540</subfield>
      <subfield code="0">(DE-588)118588540</subfield>
      <subfield code="0">https://d-nb.info/gnd/118588540</subfield>
      <subfield code="a">Nonnus</subfield>
      <subfield code="c">Panopolitanus</subfield>
      <subfield code="d">ca. 5. Jh.</subfield>
      <subfield code="4">beza</subfield>
      <subfield code="4">https://d-nb.info/standards/elementset/gnd#acquaintanceshipOrFriendship</subfield>
      <subfield code="w">r</subfield>
      <subfield code="i">Bekanntschaft</subfield>
      <subfield code="e">Bekanntschaft</subfield>
      <subfield code="9">v:VD-16 Mitverf.</subfield>
    </datafield>
    <datafield tag="548" ind1=" " ind2=" ">
      <subfield code="a">1466-1515</subfield>
      <subfield code="4">datl</subfield>
      <subfield code="4">https://d-nb.info/standards/elementset/gnd#dateOfBirthAndDeath</subfield>
      <subfield code="w">r</subfield>
      <subfield code="i">Lebensdaten</subfield>
    </datafield>
    <datafield tag="550" ind1=" " ind2=" ">
      <subfield code="0">(DE-101)043171257</subfield>
      <subfield code="0">(DE-588)4317125-4</subfield>
      <subfield code="0">https://d-nb.info/gnd/4317125-4</subfield>
      <subfield code="a">Gräzist</subfield>
      <subfield code="4">berc</subfield>
      <subfield code="4">https://d-nb.info/standards/elementset/gnd#professionOrOccupation</subfield>
      <subfield code="w">r</subfield>
      <subfield code="i">Charakteristischer Beruf</subfield>
    </datafield>
    <datafield tag="667" ind1=" " ind2=" ">
      <subfield code="a">12</subfield>
    </datafield>
    <datafield tag="667" ind1=" " ind2=" ">
      <subfield code="a">VD-16</subfield>
    </datafield>
    <datafield tag="670" ind1=" " ind2=" ">
      <subfield code="a">LoC-NA</subfield>
    </datafield>
    <datafield tag="672" ind1=" " ind2="0">
      <subfield code="a">Oratio de Laudibus literarum Graecarum</subfield>
      <subfield code="f">1517</subfield>
    </datafield>
    <datafield tag="672" ind1=" " ind2="0">
      <subfield code="a">Forteguerri, Scipione: ·SCIPIONIS CARTEROMACHI PISTORIENSIS ORATIO DE LAVDIBVS LITERARVM GRAECERVM.. 1517. (VD16 F 1921)</subfield>
    </datafield>
    <datafield tag="672" ind1=" " ind2="0">
      <subfield code="a">Nonnus &lt;aus Panopolis&gt;: NONNOY \=GNONNU POIĒTU PANOPOLITU METABOLĒ tu kata Iōannēn hagiu Euangeliu.\=g ... 1577. (VD16 N 1833)</subfield>
    </datafield>
    <datafield tag="672" ind1=" " ind2="0">
      <subfield code="a">Favorino, Guerino: \=GLEXIKON BARINU PHABŌRINU KAMĒRTOS TU TĒS NUKAIRIAS EPISKOPU, TO MEGA KAI PANY ... 1538. (VD16 F 669)</subfield>
    </datafield>
    <datafield tag="672" ind1=" " ind2="0">
      <subfield code="a">Gregorius &lt;von Nazianz&gt;: GREGORII NAZANZENI POEMATA DISTICHA ET TETRASTICHA MORALIA. ... [Hrsg.v.(IOHANNES ... 1553. (VD16 G 3083)</subfield>
    </datafield>
    <datafield tag="672" ind1=" " ind2="0">
      <subfield code="a">Nonnus &lt;aus Panopolis&gt;: Metabolē tu kata Iōannēn hagiu euangeliu dia stichōn hērōikōn. 1566. (VD16 N 1830)</subfield>
    </datafield>
    <datafield tag="672" ind1=" " ind2="0">
      <subfield code="a">Nonnus &lt;aus Panopolis&gt;: NONNOY \=GNONNU POIĒTU PANOPOLITU METABOLĒ tu kata Iōannēn hagiu Euangeliu.\=g ... 1571. (VD16 N 1832)</subfield>
    </datafield>
    <datafield tag="672" ind1=" " ind2="0">
      <subfield code="a">Nonnus &lt;aus Panopolis&gt;: NONNOY \=GNONNU POIĒTU PANOPOLITU metabolē tu kata Iōannēn hagiu Euangeliu,dia ... 1570. (VD16 N 1831)</subfield>
    </datafield>
    <datafield tag="672" ind1=" " ind2="0">
      <subfield code="a">Nonnus &lt;aus Panopolis&gt;: NONNOY \=GNONNU POIĒTU PANOPOLITU METABOLĒ tu kata Iōannēn hagiu Euangeliu.\=g ... 1596. (VD16 N 1835)</subfield>
    </datafield>
    <datafield tag="672" ind1=" " ind2="0">
      <subfield code="a">Gregorius &lt;von Nazianz&gt;: Vita divi Gregorii Nazianzeni theologi. 1571. (VD16 G 3023)</subfield>
    </datafield>
    <datafield tag="672" ind1=" " ind2="0">
      <subfield code="a">Nonnus &lt;aus Panopolis&gt;: NONNOY \=GNONNU POIĒTU PANOPOLITU METABOLĒ tu kata Iōannēn hagiu Euangeliu.\=g ... 1588. (VD16 N 1834)</subfield>
    </datafield>
    <datafield tag="678" ind1=" " ind2=" ">
      <subfield code="b">Hellenist</subfield>
    </datafield>
    <datafield tag="913" ind1=" " ind2=" ">
      <subfield code="S">pnd</subfield>
      <subfield code="i">a</subfield>
      <subfield code="a">Forteguerri, Scipione</subfield>
      <subfield code="0">(DE-588a)124394450</subfield>
    </datafield>
  </record>
